@TechReport{helium,
author = {Richard Born},
title = {A Quantitative Investigation of the Helium Spectrum},
institution = {Northern Illinois University},
year = {2014},
OPTkey = {•},
OPTtype = {•},
OPTnumber = {•},
OPTaddress = {•},
OPTmonth = {•},
OPTnote = {•},
OPTannote = {•}
}

@unpublished{BRITE,
	author	= {Karan Sarda and Cordell Grant and Monica Chaumont and Seung Yun Choi and Bryan Johnston-Lemke and Robert E. Zee},
	title	= {On-Orbit Performance of the Bright Target Explorer (BRITE) Nanosatellite Astronomy Constellation},
	year	= {2014},
	note	= {Space Flight Laboratory, University of Toronto Institute for Aerospace Studies},
}

@BOOK{smad,
author = {James R. Wertz and Wiley J. Larson},
title = {Space Mission Analysis and Design},
publisher = {Springer Netherlands},
year = {1999},
}

@Article{helium-wavelength,
author = {Nina Abramzon and P.B. Siegel},
title = {Introductory helium atomic spectrum analysis},
journal = {American Journal of Physics},
volume = {77},
publisher = {Springer Netherlands},
year = {1999},
}

 

@booklet{Mons,
    author   = {Hans Kjeldsen and T. R. Bedding and J. Christensen-Dalsgaard},
    title     = {MONS - Measuring Osciallations in Nearby Stars},
    year      = {1999},
    }